
@techreport{shapenet2015,
  title       = {{ShapeNet: An Information-Rich 3D Model Repository}},
  author      = {Chang, Angel X. and Funkhouser, Thomas and Guibas, Leonidas and Hanrahan, Pat and Huang, Qixing and Li, Zimo and Savarese, Silvio and Savva, Manolis and Song, Shuran and Su, Hao and Xiao, Jianxiong and Yi, Li and Yu, Fisher},
  number      = {arXiv:1512.03012 [cs.GR]},
  institution = {Stanford University --- Princeton University --- Toyota Technological Institute at Chicago},
  year        = {2015}
}

@inproceedings{henne2020benchmarking,
  title={Benchmarking Uncertainty Estimation Methods for Deep Learning With Safety-Related Metrics.},
  author={Henne, Maximilian and Schwaiger, Adrian and Roscher, Karsten and Weiss, Gereon},
  booktitle={SafeAI@ AAAI},
  pages={83--90},
  year={2020}
}

@inproceedings{gal2016dropout,
  title={Dropout as a bayesian approximation: Representing model uncertainty in deep learning},
  author={Gal, Yarin and Ghahramani, Zoubin},
  booktitle={international conference on machine learning},
  pages={1050--1059},
  year={2016},
  organization={PMLR}
}

@article{sensoy2018evidential,
  title={Evidential deep learning to quantify classification uncertainty},
  author={Sensoy, Murat and Kaplan, Lance and Kandemir, Melih},
  journal={Advances in neural information processing systems},
  volume={31},
  year={2018}
}

@article{lakshminarayanan2017simple,
  title={Simple and scalable predictive uncertainty estimation using deep ensembles},
  author={Lakshminarayanan, Balaji and Pritzel, Alexander and Blundell, Charles},
  journal={Advances in neural information processing systems},
  volume={30},
  year={2017}
}

@article{liu2020simple,
	title={Simple and principled uncertainty estimation with deterministic deep learning via distance awareness},
	author={Liu, Jeremiah and Lin, Zi and Padhy, Shreyas and Tran, Dustin and Bedrax Weiss, Tania and Lakshminarayanan, Balaji},
	journal={Advances in Neural Information Processing Systems},
	volume={33},
	pages={7498--7512},
	year={2020}
}

@article{carneiro2020deep,
	title={Deep learning uncertainty and confidence calibration for the five-class polyp classification from colonoscopy},
	author={Carneiro, Gustavo and Pu, Leonardo Zorron Cheng Tao and Singh, Rajvinder and Burt, Alastair},
	journal={Medical image analysis},
	volume={62},
	pages={101653},
	year={2020},
	publisher={Elsevier}
}

@article{maddox2019simple,
	title={A simple baseline for bayesian uncertainty in deep learning},
	author={Maddox, Wesley J and Izmailov, Pavel and Garipov, Timur and Vetrov, Dmitry P and Wilson, Andrew Gordon},
	journal={Advances in neural information processing systems},
	volume={32},
	year={2019}
}

@article{loquercio2020general,
	title={A general framework for uncertainty estimation in deep learning},
	author={Loquercio, Antonio and Segu, Mattia and Scaramuzza, Davide},
	journal={IEEE Robotics and Automation Letters},
	volume={5},
	number={2},
	pages={3153--3160},
	year={2020},
	publisher={IEEE}
}

@inproceedings{wang2019deep,
	title={Deep uncertainty quantification: A machine learning approach for weather forecasting},
	author={Wang, Bin and Lu, Jie and Yan, Zheng and Luo, Huaishao and Li, Tianrui and Zheng, Yu and Zhang, Guangquan},
	booktitle={Proceedings of the 25th ACM SIGKDD International Conference on Knowledge Discovery \& Data Mining},
	pages={2087--2095},
	year={2019}
}

@article{Ashukha2020PitfallsOI,
	title={Pitfalls of In-Domain Uncertainty Estimation and Ensembling in Deep Learning},
	author={Arsenii Ashukha and Alexander Lyzhov and Dmitry Molchanov and Dmitry P. Vetrov},
	journal={ArXiv},
	year={2020},
	volume={abs/2002.06470}
}

@article{assel2017brier,
	title={The Brier score does not evaluate the clinical utility of diagnostic tests or prediction models},
	author={Assel, Melissa and Sjoberg, Daniel D and Vickers, Andrew J},
	journal={Diagnostic and prognostic research},
	volume={1},
	number={1},
	pages={1--7},
	year={2017},
	publisher={BioMed Central}
}

@inproceedings{rindt2022survival,
	title={Survival regression with proper scoring rules and monotonic neural networks},
	author={Rindt, David and Hu, Robert and Steinsaltz, David and Sejdinovic, Dino},
	booktitle={International Conference on Artificial Intelligence and Statistics},
	pages={1190--1205},
	year={2022},
	organization={PMLR}
}

@inproceedings{nixon2019measuring,
	title={Measuring Calibration in Deep Learning.},
	author={Nixon, Jeremy and Dusenberry, Michael W and Zhang, Linchuan and Jerfel, Ghassen and Tran, Dustin},
	booktitle={CVPR workshops},
	volume={2},
	number={7},
	year={2019}
}

@article{amini2020deep,
	title={Deep evidential regression},
	author={Amini, Alexander and Schwarting, Wilko and Soleimany, Ava and Rus, Daniela},
	journal={Advances in Neural Information Processing Systems},
	volume={33},
	pages={14927--14937},
	year={2020}
}

@inproceedings{van2020uncertainty,
	title={Uncertainty estimation using a single deep deterministic neural network},
	author={Van Amersfoort, Joost and Smith, Lewis and Teh, Yee Whye and Gal, Yarin},
	booktitle={International conference on machine learning},
	pages={9690--9700},
	year={2020},
	organization={PMLR}
}

@inproceedings{joppich2022classification,
	title={Classification and Uncertainty Quantification of Corrupted Data Using Supervised Autoencoders},
	author={Joppich, Philipp and Dorn, Sebastian and De Candido, Oliver and Knollm{\"u}ller, Jakob and Utschick, Wolfgang},
	booktitle={Physical Sciences Forum},
	volume={5},
	number={1},
	pages={12},
	year={2022},
	organization={MDPI}
}

@article{hendrycks2020augmix,
	title={{AugMix}: A Simple Data Processing Method to Improve Robustness and Uncertainty},
	author={Hendrycks, Dan and Mu, Norman and Cubuk, Ekin D. and Zoph, Barret and Gilmer, Justin and Lakshminarayanan, Balaji},
	journal={Proceedings of the International Conference on Learning Representations (ICLR)},
	year={2020}
}

@inproceedings{kristiadi2021learnable,
	title={Learnable uncertainty under Laplace approximations},
	author={Kristiadi, Agustinus and Hein, Matthias and Hennig, Philipp},
	booktitle={Uncertainty in Artificial Intelligence},
	pages={344--353},
	year={2021},
	organization={PMLR}
}
@inproceedings{kristiadi2020being,
	title={Being bayesian, even just a bit, fixes overconfidence in relu networks},
	author={Kristiadi, Agustinus and Hein, Matthias and Hennig, Philipp},
	booktitle={International conference on machine learning},
	pages={5436--5446},
	year={2020},
	organization={PMLR}
}

@article{mena2021survey,
	title={A survey on uncertainty estimation in deep learning classification systems from a Bayesian perspective},
	author={Mena, Jos{\'e} and Pujol, Oriol and Vitria, Jordi},
	journal={ACM Computing Surveys (CSUR)},
	volume={54},
	number={9},
	pages={1--35},
	year={2021},
	publisher={ACM New York, NY}
}

@article{abdar2021review,
	title={A review of uncertainty quantification in deep learning: Techniques, applications and challenges},
	author={Abdar, Moloud and Pourpanah, Farhad and Hussain, Sadiq and Rezazadegan, Dana and Liu, Li and Ghavamzadeh, Mohammad and Fieguth, Paul and Cao, Xiaochun and Khosravi, Abbas and Acharya, U Rajendra and others},
	journal={Information Fusion},
	volume={76},
	pages={243--297},
	year={2021},
	publisher={Elsevier}
}


@article{gneiting2007strictly,
	title={Strictly proper scoring rules, prediction, and estimation},
	author={Gneiting, Tilmann and Raftery, Adrian E},
	journal={Journal of the American statistical Association},
	volume={102},
	number={477},
	pages={359--378},
	year={2007},
	publisher={Taylor \& Francis}
}

@inproceedings{wilson2022evaluating,
	title={Evaluating approximate inference in Bayesian deep learning},
	author={Wilson, Andrew Gordon and Izmailov, Pavel and Hoffman, Matthew D and Gal, Yarin and Li, Yingzhen and Pradier, Melanie F and Vikram, Sharad and Foong, Andrew and Lotfi, Sanae and Farquhar, Sebastian},
	booktitle={NeurIPS 2021 Competitions and Demonstrations Track},
	pages={113--124},
	year={2022},
	organization={PMLR}
}

@article{revach2022kalmannet,
	title={KalmanNet: Neural network aided Kalman filtering for partially known dynamics},
	author={Revach, Guy and Shlezinger, Nir and Ni, Xiaoyong and Escoriza, Adria Lopez and Van Sloun, Ruud JG and Eldar, Yonina C},
	journal={IEEE Transactions on Signal Processing},
	volume={70},
	pages={1532--1547},
	year={2022},
	publisher={IEEE}
}

@INPROCEEDINGS{9746732,
	author={Klein, Itzik and Revach, Guy and Shlezinger, Nir and Mehr, Jonas E. and van Sloun, Ruud J. G. and Eldar, Yonina. C.},
	booktitle={ICASSP 2022 - 2022 IEEE International Conference on Acoustics, Speech and Signal Processing (ICASSP)}, 
	title={Uncertainty in Data-Driven Kalman Filtering for Partially Known State-Space Models}, 
	year={2022},
	volume={},
	number={},
	pages={3194-3198},
	doi={10.1109/ICASSP43922.2022.9746732}}

@article{pankert2021deep,
	title={Deep Measurement Updates for Bayes Filters},
	author={Pankert, Johannes and Minniti, Maria Vittoria and Wellhausen, Lorenz and Hutter, Marco},
	journal={IEEE Robotics and Automation Letters},
	volume={7},
	number={1},
	pages={414--421},
	year={2021},
	publisher={IEEE}
}

@article{karkus2018particle,
	title={Particle filter networks: End-toend probabilistic localization from visual observations},
	author={Karkus, Peter and Hsu, David and Lee, Wee Sun},
	journal={arXiv preprint arXiv:1805.08975},
	year={2018}
}

@Manual{Blender,
	title = {Blender - a 3D modelling and rendering package},
	author = {Blender Online Community},
	organization = {Blender Foundation},
	address = {Stichting Blender Foundation, Amsterdam},
	year = {2018},
	url = {http://www.blender.org},
}

@article{Denninger2023, 
	doi = {10.21105/joss.04901},
	url = {https://doi.org/10.21105/joss.04901},
	year = {2023},
	publisher = {The Open Journal}, 
	volume = {8},
	number = {82},
	pages = {4901}, 
	author = {Maximilian Denninger and Dominik Winkelbauer and Martin Sundermeyer and Wout Boerdijk and Markus Knauer and Klaus H. Strobl and Matthias Humt and Rudolph Triebel},
	title = {BlenderProc2: A Procedural Pipeline for Photorealistic Rendering}, 
	journal = {Journal of Open Source Software}
} 